@online{wikigr,
  author = {Wikipedia},
  title = {Gears},
  url = {http://en.wikipedia.org/wiki/Gears}
}

@online{wikicl,
  author = {Wikipedia},
  title = {Clock},
  url = {http://en.wikipedia.org/wiki/Clock}
}

@online{wikiper,
  author = {Wikipedia},
  title = {Perpetual Motion},
  url = {http://en.wikipedia.org/wiki/Perpetual_motion}
}
@online{wikiclkwrk,
  author = {Wikipedia},
  title = {Clockwork},
  url = {http://en.wikipedia.org/wiki/Clockwork}
}
@online{main,
  author = {Group 1},
  title = {CS296 Group 1 Project},
  url = {http://www.cse.iitb.ac.in/~ramprakash/cs296-lab01-sub.html}
}
@online{vdo,
  author = {veproject1},
  title = {Perpetual Motion Machines},
  url = {https://www.youtube.com/watch?v=287qd4uI7-E&feature=youtu.be&t=3m20s}
}

